
@inproceedings{inam2022sok,
  title={Sok: History is a vast early warning system: Auditing the provenance of system intrusions},
  author={Inam, Muhammad Adil and Chen, Yinfang and Goyal, Akul and Liu, Jason and Mink, Jaron and Michael, Noor and Gaur, Sneha and Bates, Adam and Hassan, Wajih Ul},
  booktitle={2023 IEEE Symposium on Security and Privacy (SP)},
  pages={307--325},
  year={2022},
  organization={IEEE Computer Society}
}
@article{wang2022threatrace,
  title={Threatrace: Detecting and tracing host-based threats in node level through provenance graph learning},
  author={Wang, Su and Wang, Zhiliang and Zhou, Tao and Sun, Hongbin and Yin, Xia and Han, Dongqi and Zhang, Han and Shi, Xingang and Yang, Jiahai},
  journal={IEEE Transactions on Information Forensics and Security},
  volume={17},
  pages={3972--3987},
  year={2022},
  publisher={IEEE}
}
@inproceedings{barr2021survivalism,
  title={Survivalism: Systematic analysis of windows malware living-off-the-land},
  author={Barr-Smith, Frederick and Ugarte-Pedrero, Xabier and Graziano, Mariano and Spolaor, Riccardo and Martinovic, Ivan},
  booktitle={2021 IEEE Symposium on Security and Privacy (SP)},
  pages={1557--1574},
  year={2021},
  organization={IEEE}
}
@inproceedings{gandhi2023rethinking,
  title={Rethinking System Audit Architectures for High Event Coverage and Synchronous Log Availability},
  author={Gandhi, Varun and Banerjee, Sarbartha and Agrawal, Aniket and Ahmad, Adil and Lee, Sangho and Peinado, Marcus},
  booktitle={32nd USENIX Security Symposium (USENIX Security 23)},
  pages={391--408},
  year={2023}
}
@article{karantzas2021empirical,
  title={An empirical assessment of endpoint detection and response systems against advanced persistent threats attack vectors},
  author={Karantzas, George and Patsakis, Constantinos},
  journal={Journal of Cybersecurity and Privacy},
  volume={1},
  number={3},
  pages={387--421},
  year={2021},
  publisher={Multidisciplinary Digital Publishing Institute}
}
@inproceedings{han2021sigl,
  title={$\{$SIGL$\}$: Securing Software Installations Through Deep Graph Learning},
  author={Han, Xueyuan and Yu, Xiao and Pasquier, Thomas and Li, Ding and Rhee, Junghwan and Mickens, James and Seltzer, Margo and Chen, Haifeng},
  booktitle={30th USENIX Security Symposium (USENIX Security 21)},
  pages={2345--2362},
  year={2021}
}
@inproceedings{zeng2021watson,
  title={WATSON: Abstracting Behaviors from Audit Logs via Aggregation of Contextual Semantics.},
  author={Zeng, Jun and Chua, Zheng Leong and Chen, Yinfang and Ji, Kaihang and Liang, Zhenkai and Mao, Jian},
  booktitle={NDSS},
  year={2021}
}
@inproceedings{zengy2022shadewatcher,
  title={Shadewatcher: Recommendation-guided cyber threat analysis using system audit records},
  author={Zengy, Jun and Wang, Xiang and Liu, Jiahao and Chen, Yinfang and Liang, Zhenkai and Chua, Tat-Seng and Chua, Zheng Leong},
  booktitle={2022 IEEE Symposium on Security and Privacy (SP)},
  pages={489--506},
  year={2022},
  organization={IEEE}
}
@inproceedings{alsaheel2021atlas,
  title={$\{$ATLAS$\}$: A sequence-based learning approach for attack investigation},
  author={Alsaheel, Abdulellah and Nan, Yuhong and Ma, Shiqing and Yu, Le and Walkup, Gregory and Celik, Z Berkay and Zhang, Xiangyu and Xu, Dongyan},
  booktitle={30th USENIX security symposium (USENIX security 21)},
  pages={3005--3022},
  year={2021}
}
@inproceedings{wang2020you,
  title={You Are What You Do: Hunting Stealthy Malware via Data Provenance Analysis.},
  author={Wang, Qi and Hassan, Wajih Ul and Li, Ding and Jee, Kangkook and Yu, Xiao and Zou, Kexuan and Rhee, Junghwan and Chen, Zhengzhang and Cheng, Wei and Gunter, Carl A and others},
  booktitle={NDSS},
  year={2020}
}
@inproceedings{liu2018towards,
  title={Towards a Timely Causality Analysis for Enterprise Security.},
  author={Liu, Yushan and Zhang, Mu and Li, Ding and Jee, Kangkook and Li, Zhichun and Wu, Zhenyu and Rhee, Junghwan and Mittal, Prateek},
  booktitle={NDSS},
  year={2018}
}
@inproceedings{hassan2019nodoze,
  title={Nodoze: Combatting threat alert fatigue with automated provenance triage},
  author={Hassan, Wajih Ul and Guo, Shengjian and Li, Ding and Chen, Zhengzhang and Jee, Kangkook and Li, Zhichun and Bates, Adam},
  booktitle={network and distributed systems security symposium},
  year={2019}
}
@inproceedings{hassan2020we,
  title={This is why we canâ€™t cache nice things: Lightning-fast threat hunting using suspicion-based hierarchical storage},
  author={Hassan, Wajih Ul and Li, Ding and Jee, Kangkook and Yu, Xiao and Zou, Kexuan and Wang, Dawei and Chen, Zhengzhang and Li, Zhichun and Rhee, Junghwan and Gui, Jiaping and others},
  booktitle={Annual Computer Security Applications Conference},
  pages={165--178},
  year={2020}
}
@inproceedings{hassan2020tactical,
  title={Tactical provenance analysis for endpoint detection and response systems},
  author={Hassan, Wajih Ul and Bates, Adam and Marino, Daniel},
  booktitle={2020 IEEE Symposium on Security and Privacy (SP)},
  pages={1172--1189},
  year={2020},
  organization={IEEE}
}
@inproceedings{ding2023airtag,
  title={$\{$AIRTAG$\}$: Towards Automated Attack Investigation by Unsupervised Learning with Log Texts},
  author={Ding, Hailun and Zhai, Juan and Nan, Yuhong and Ma, Shiqing},
  booktitle={32nd USENIX Security Symposium (USENIX Security 23)},
  pages={373--390},
  year={2023}
}
@inproceedings{caselli2015sequence,
  title={Sequence-aware intrusion detection in industrial control systems},
  author={Caselli, Marco and Zambon, Emmanuele and Kargl, Frank},
  booktitle={Proceedings of the 1st ACM Workshop on Cyber-Physical System Security},
  pages={13--24},
  year={2015}
}
@inproceedings{milajerdi2019poirot,
  title={Poirot: Aligning attack behavior with kernel audit records for cyber threat hunting},
  author={Milajerdi, Sadegh M and Eshete, Birhanu and Gjomemo, Rigel and Venkatakrishnan, VN},
  booktitle={Proceedings of the 2019 ACM SIGSAC conference on computer and communications security},
  pages={1795--1812},
  year={2019}
}
@inproceedings{milajerdi2019holmes,
  title={Holmes: real-time apt detection through correlation of suspicious information flows},
  author={Milajerdi, Sadegh M and Gjomemo, Rigel and Eshete, Birhanu and Sekar, Ramachandran and Venkatakrishnan, VN},
  booktitle={2019 IEEE Symposium on Security and Privacy (SP)},
  pages={1137--1152},
  year={2019},
  organization={IEEE}
}
@inproceedings{manzoor2016fast,
  title={Fast memory-efficient anomaly detection in streaming heterogeneous graphs},
  author={Manzoor, Emaad and Milajerdi, Sadegh M and Akoglu, Leman},
  booktitle={Proceedings of the 22nd ACM SIGKDD International Conference on Knowledge Discovery and Data Mining},
  pages={1035--1044},
  year={2016}
}
@article{han2020unicorn,
  title={Unicorn: Runtime provenance-based detector for advanced persistent threats},
  author={Han, Xueyuan and Pasquier, Thomas and Bates, Adam and Mickens, James and Seltzer, Margo},
  journal={arXiv preprint arXiv:2001.01525},
  year={2020}
}

@article{li2021hierarchical,
  title={A hierarchical approach for advanced persistent threat detection with attention-based graph neural networks},
  author={Li, Zitong and Cheng, Xiang and Sun, Lixiao and Zhang, Ji and Chen, Bing},
  journal={Security and Communication Networks},
  volume={2021},
  pages={1--14},
  year={2021},
  publisher={Hindawi Limited}
}
@inproceedings{yang2023prographer,
  title={$\{$PROGRAPHER$\}$: An Anomaly Detection System based on Provenance Graph Embedding},
  author={Yang, Fan and Xu, Jiacen and Xiong, Chunlin and Li, Zhou and Zhang, Kehuan},
  booktitle={32nd USENIX Security Symposium (USENIX Security 23)},
  pages={4355--4372},
  year={2023}
}
@article{cheng2023kairos,
  title={Kairos:: Practical Intrusion Detection and Investigation using Whole-system Provenance},
  author={Cheng, Zijun and Lv, Qiujian and Liang, Jinyuan and Wang, Yan and Sun, Degang and Pasquier, Thomas and Han, Xueyuan},
  journal={arXiv preprint arXiv:2308.05034},
  year={2023}
}
@inproceedings{hossain2020combating,
  title={Combating dependence explosion in forensic analysis using alternative tag propagation semantics},
  author={Hossain, Md Nahid and Sheikhi, Sanaz and Sekar, R},
  booktitle={2020 IEEE Symposium on Security and Privacy (SP)},
  pages={1139--1155},
  year={2020},
  organization={IEEE}
}
@inproceedings{xu2022depcomm,
  title={Depcomm: Graph summarization on system audit logs for attack investigation},
  author={Xu, Zhiqiang and Fang, Pengcheng and Liu, Changlin and Xiao, Xusheng and Wen, Yu and Meng, Dan},
  booktitle={2022 IEEE Symposium on Security and Privacy (SP)},
  pages={540--557},
  year={2022},
  organization={IEEE}
}